[gd_scene load_steps=4 format=2]

[ext_resource path="res://assets/rainbow.png" type="Texture" id=1]
[ext_resource path="res://rainbow_round.gd" type="Script" id=2]

[sub_resource type="RectangleShape2D" id=1]
extents = Vector2( 0.502956, 0.529974 )

[node name="KinematicBody2D" type="Node2D"]
script = ExtResource( 2 )

[node name="v" type="Sprite" parent="."]
texture = ExtResource( 1 )
hframes = 8
frame = 1

[node name="Area2D" type="Area2D" parent="v"]
visible = false

[node name="CollisionShape2D" type="CollisionShape2D" parent="v/Area2D"]
visible = false
position = Vector2( 0, 3 )
shape = SubResource( 1 )

[node name="i" type="Sprite" parent="."]
texture = ExtResource( 1 )
hframes = 8
frame = 2

[node name="Area2D" type="Area2D" parent="i"]

[node name="CollisionShape2D" type="CollisionShape2D" parent="i/Area2D"]
position = Vector2( 0, 2 )
shape = SubResource( 1 )

[node name="b" type="Sprite" parent="."]
texture = ExtResource( 1 )
hframes = 8
frame = 3

[node name="Area2D" type="Area2D" parent="b"]
position = Vector2( 0, -1 )

[node name="CollisionShape2D" type="CollisionShape2D" parent="b/Area2D"]
position = Vector2( 0, 2 )
shape = SubResource( 1 )

[node name="g" type="Sprite" parent="."]
texture = ExtResource( 1 )
hframes = 8
frame = 4

[node name="Area2D" type="Area2D" parent="g"]
position = Vector2( 0, -2 )

[node name="CollisionShape2D" type="CollisionShape2D" parent="g/Area2D"]
position = Vector2( 0, 2 )
shape = SubResource( 1 )

[node name="y" type="Sprite" parent="."]
texture = ExtResource( 1 )
hframes = 8
frame = 5

[node name="Area2D" type="Area2D" parent="y"]
position = Vector2( 0, -3 )

[node name="CollisionShape2D" type="CollisionShape2D" parent="y/Area2D"]
position = Vector2( 0, 2 )
shape = SubResource( 1 )

[node name="o" type="Sprite" parent="."]
texture = ExtResource( 1 )
hframes = 8
frame = 6

[node name="Area2D" type="Area2D" parent="o"]
position = Vector2( 0, -4 )

[node name="CollisionShape2D" type="CollisionShape2D" parent="o/Area2D"]
position = Vector2( 0, 2 )
shape = SubResource( 1 )

[node name="r" type="Sprite" parent="."]
texture = ExtResource( 1 )
hframes = 8
frame = 7

[node name="Area2D" type="Area2D" parent="r"]
position = Vector2( 0, -5 )

[node name="CollisionShape2D" type="CollisionShape2D" parent="r/Area2D"]
position = Vector2( 0, 2 )
shape = SubResource( 1 )

[node name="Timer" type="Timer" parent="."]
wait_time = 3.0
one_shot = true
autostart = true

[connection signal="body_entered" from="v/Area2D" to="." method="_on_Area2D_body_entered"]
[connection signal="body_entered" from="i/Area2D" to="." method="_on_Area2D_body_entered"]
[connection signal="body_entered" from="b/Area2D" to="." method="_on_Area2D_body_entered"]
[connection signal="body_entered" from="g/Area2D" to="." method="_on_Area2D_body_entered"]
[connection signal="body_entered" from="y/Area2D" to="." method="_on_Area2D_body_entered"]
[connection signal="body_entered" from="o/Area2D" to="." method="_on_Area2D_body_entered"]
[connection signal="body_entered" from="r/Area2D" to="." method="_on_Area2D_body_entered"]
[connection signal="timeout" from="Timer" to="." method="_on_Timer_timeout"]
